<record><leader>00000cas a22000007a 4500</leader><controlfield tag="001">9518423</controlfield><controlfield tag="008">830517d18971959ohudn ne      0    0eng d</controlfield><datafield ind1=" " ind2=" " tag="010"><subfield code="a">sn 83045386 </subfield></datafield><datafield ind1=" " ind2=" " tag="040"><subfield code="a">CRL</subfield><subfield code="b">eng</subfield><subfield code="c">CRL</subfield><subfield code="d">NPW</subfield><subfield code="d">NPY</subfield><subfield code="d">DLC</subfield><subfield code="d">ONP</subfield><subfield code="d">MFN</subfield><subfield code="d">CRL</subfield><subfield code="d">ONP</subfield><subfield code="d">OCLCQ</subfield><subfield code="d">CRL</subfield></datafield><datafield ind1=" " ind2=" " tag="042"><subfield code="a">msc</subfield></datafield><datafield ind1="0" ind2="0" tag="050"><subfield code="a">Newspaper</subfield></datafield><datafield ind1="0" ind2=" " tag="130"><subfield code="a">Ohio State journal (Columbus, Ohio : 1897)</subfield></datafield><datafield ind1="0" ind2="0" tag="245"><subfield code="a">Ohio State journal.</subfield></datafield><datafield ind1="3" ind2="0" tag="246"><subfield code="a">Sunday Ohio State journal</subfield></datafield><datafield ind1="3" ind2="0" tag="246"><subfield code="a">Sunday journal</subfield></datafield><datafield ind1="3" ind2="0" tag="246"><subfield code="a">State journal</subfield></datafield><datafield ind1=" " ind2=" " tag="260"><subfield code="a">Columbus [Ohio] :</subfield><subfield code="b">Ohio State Journal Co.</subfield></datafield><datafield ind1=" " ind2=" " tag="300"><subfield code="a">v.</subfield></datafield><datafield ind1=" " ind2=" " tag="310"><subfield code="a">Daily (except Sun.),</subfield><subfield code="b">Dec. 3, 1939-Nov. 7, 1959</subfield></datafield><datafield ind1=" " ind2=" " tag="321"><subfield code="a">Daily,</subfield><subfield code="b">Sept. 28, 1897-May 15, 1932</subfield></datafield><datafield ind1=" " ind2=" " tag="321"><subfield code="a">Daily (except Sun.),</subfield><subfield code="b">May 22, 1932-Oct. 1938</subfield></datafield><datafield ind1=" " ind2=" " tag="321"><subfield code="a">Daily,</subfield><subfield code="b">Nov. 1938-Nov. 1939</subfield></datafield><datafield ind1="0" ind2=" " tag="362"><subfield code="a">Vol. 58, no. 27 (Sept. 28, 1897)-v. 149, no. 254 (Nov. 7, 1959).</subfield></datafield><datafield ind1=" " ind2=" " tag="500"><subfield code="a">Sunday ed. titled: Sunday Ohio State journal (Sunday journal without logo), May 19, 1929-May 15, 1932.</subfield></datafield><datafield ind1=" " ind2=" " tag="500"><subfield code="a">Apr. 15, 1935 issue entitled: State journal.</subfield></datafield><datafield ind1=" " ind2=" " tag="515"><subfield code="a">Suspended Feb. 27-Mar. 15, 1959 due to a strike.</subfield></datafield><datafield ind1=" " ind2=" " tag="580"><subfield code="a">Merged with: Columbus citizen, to form: Columbus citizen-journal.</subfield></datafield><datafield ind1=" " ind2="4" tag="651"><subfield code="a">Columbus (Ohio)</subfield><subfield code="v">Newspapers.</subfield></datafield><datafield ind1=" " ind2="4" tag="651"><subfield code="a">Franklin County (Ohio)</subfield><subfield code="v">Newspapers.</subfield></datafield><datafield ind1=" " ind2=" " tag="752"><subfield code="a">United States</subfield><subfield code="b">Ohio</subfield><subfield code="c">Franklin</subfield><subfield code="d">Columbus.</subfield></datafield><datafield ind1="0" ind2=" " tag="775"><subfield code="t">Weekly Ohio State journal (Columbus, Ohio : 1869)</subfield><subfield code="w">(DLC)sn 88077802</subfield></datafield><datafield ind1="0" ind2=" " tag="775"><subfield code="t">Ohio State journal (Columbus, Ohio : 1902 : Semiweekly)</subfield><subfield code="w">(DLC)sn 88077803</subfield></datafield><datafield ind1="0" ind2="0" tag="780"><subfield code="t">Daily Ohio State journal (Columbus, Ohio : 1870)</subfield><subfield code="w">(DLC)sn 84028631</subfield></datafield><datafield ind1="1" ind2="7" tag="785"><subfield code="t">Columbus citizen</subfield><subfield code="w">(DLC)sn 83045041</subfield></datafield><datafield ind1="1" ind2="7" tag="785"><subfield code="t">Columbus citizen-journal</subfield><subfield code="w">(DLC)sn 85042556</subfield></datafield><datafield ind1="0" ind2=" " tag="787"><subfield code="t">News-bulletin (Columbus, Ohio)</subfield><subfield code="w">(DLC)sn 88077631</subfield></datafield><datafield ind1="1" ind2=" " tag="029"><subfield code="a">AU@</subfield><subfield code="b">000025813022</subfield></datafield></record>